<?xml version="1.0" encoding="UTF-8"?><collection xmlns="http://www.loc.gov/MARC21/slim"><record><leader>00371nam--2200133-i-4500</leader><controlfield tag="001">000044577</controlfield><controlfield tag="002">20161230</controlfield><controlfield tag="005">20161230201044</controlfield><controlfield tag="008">060222s1000------------r-----000-0-eng-d</controlfield><datafield ind1=" " ind2=" " tag="080"><subfield code="a">549.73(043)</subfield></datafield><datafield ind1=" " ind2=" " tag="100"><subfield code="a">Thery, Jeanine</subfield></datafield><datafield ind1=" " ind2=" " tag="245"><subfield code="a">Contribution a l`etude des ferrites alcalins et de leurs produits d`hydrolyse. these</subfield></datafield><datafield ind1=" " ind2=" " tag="260"><subfield code="a">Paris, Univ., 1962, 32p</subfield></datafield><datafield ind1=" " ind2=" " tag="852"><subfield code="a">78406</subfield></datafield></record></collection>